@inproceedings{ahn2013dop,
  title={The Dynamics of Open, Peer-to-Peer Learning: What Factors Influence Participation in the P2P University?},
  author={Ahn, June and Weng, Cindy and Butler, Brian S},
  booktitle={System Sciences (HICSS), 2013 46th Hawaii International Conference on},
  pages={3098--3107},
  year={2013},
  organization={IEEE}
}

